@misc{monsterCFT,
    title={Duality Defect of the Monster CFT},
    author={Ying-Hsuan Lin and Shu-Heng Shao},
    year={2019},
    eprint={1911.00042},
    archivePrefix={arXiv},
    primaryClass={hep-th}
}

@article{generalizedSymmetries,
	author         = "Gaiotto, Davide and Kapustin, Anton and Seiberg, Nathan
	and Willett, Brian",
	title          = "{Generalized Global Symmetries}",
	journal        = "JHEP",
	volume         = "02",
	year           = "2015",
	pages          = "172",
	doi            = "10.1007/JHEP02(2015)172",
	eprint         = "1412.5148",
	archivePrefix  = "arXiv",
	primaryClass   = "hep-th"
}

@article{topDefectLines,
   title={Topological defect lines and renormalization group flows in two dimensions},
   volume={2019},
   ISSN={1029-8479},
   url={http://dx.doi.org/10.1007/JHEP01(2019)026},
   DOI={10.1007/jhep01(2019)026},
   number={1},
   journal={Journal of High Energy Physics},
   publisher={Springer Science and Business Media LLC},
   author={Chang, Chi-Ming and Lin, Ying-Hsuan and Shao, Shu-Heng and Wang, Yifan and Yin, Xi},
   year={2019},
   month={1},
    eprint={1802.04445},
    archivePrefix={arXiv},
    primaryClass={hep-th}
}

@article{seibergWitten:spinStructInString,
	author         = "Seiberg, N. and Witten, Edward",
	title          = "{Spin Structures in String Theory}",
	journal        = "Nucl. Phys.",
	volume         = "B276",
	year           = "1986",
	pages          = "272",
	doi            = "10.1016/0550-3213(86)90297-X",
	reportNumber   = "Print-86-0218 (PRINCETON)",
	SLACcitation   = "%%CITATION = NUPHA,B276,272;%%"
}

@article{karchTongTurner:webOf2d,
   title={A web of 2d dualities: ${\bf Z}_2$ gauge fields and Arf invariants},
   volume={7},
   ISSN={2542-4653},
   url={http://dx.doi.org/10.21468/SciPostPhys.7.1.007},
   DOI={10.21468/scipostphys.7.1.007},
   number={1},
   journal={SciPost Physics},
   publisher={Stichting SciPost},
   author={Karch, Andreas and Tong, David and Turner, Carl},
   year={2019},
   month={7},
    eprint={1902.05550},
    archivePrefix={arXiv},
    primaryClass={hep-th}
}